2600 5609
202 881 254 970 ⁴⁸
466 875 538 970 'ss
633 875 679 970 *
778 878 821 974 'l‘

203 1040 406 1128 eertedirit,
424 1040 578 1135 relegit,
597 1044 866 1131 mortivicinus,
891 1041 1133 1143 quodnonn'

107 1281 119 1316 .
163 1141 1139 1344 tetzzbnlztmtneie

200 1351 249 1422 tri
268 1344 507 1434 insolidum,
551 1375 630 1422 cum
654 1356 723 1422 iam
746 1354 783 1422 in
807 1376 905 1424 cruce
931 1349 1106 1450 penderet.

199 1453 249 1522 Io.
266 1454 350 1540 XIX,
363 1459 410 1536 ιθ,
422 1475 469 1535 27·
517 1455 657 1525 Summa
670 1448 740 1526 sani
753 1454 904 1524 hominis
922 1478 959 1524 oe
976 1450 1021 1524 est
1037 1455 1107 1524 vir-

200 1577 272 1642 tus,
298 1552 324 1627 fi
346 1549 419 1654 ipse
438 1553 640 1654 nequidem
663 1557 701 1627 in
722 1580 834 1628 morte
862 1551 1107 1628 observantiam

199 1657 235 1731 dt
260 1682 379 1730 euram
402 1681 482 1750 erga
507 1680 662 1756 parentes
690 1657 840 1759 deponit
898 1653 1104 1758 Deprecatio

199 1754 270 1858 ipse
291 1755 362 1831 fuit
379 1764 512 1831 Patrem
539 1753 638 1832 suom
660 1786 727 1859 pro
752 1756 854 1834 salute
872 1785 1013 1847 eorum,
1043 1761 1105 1858 qui

196 1887 317 1934 manus
333 1860 396 1960 ipsi
403 1857 633 1952 admoverant,
646 1866 807 1962 crucique
828 1888 906 1936 eum
923 1858 1103 1934 affixermt.

195 1962 722 2054 Innocentiaeesldocumentum,
737 1964 994 2038 universisbene
1006 1964 1104 2052 velle,

148 2133 157 2154 ,
194 2092 232 2138 ac
246 2061 344 2142 saluti
356 2071 577 2139 inimicorum
592 2066 809 2166 hostiumque
829 2063 1032 2166 prospicere,
1055 2066 1101 2150 dt,

195 2173 234 2241 ni
248 2196 324 2241 eam
338 2170 378 2241 lti
394 2169 648 2270 repudiaverint
663 2164 919 2269 suppeditatam,
937 2170 986 2240 nil
1001 2169 1099 2240 omit·

195 2294 267 2344 tere
290 2271 430 2343 adeam
450 2269 732 2367 amplificandam.
781 2275 931 2358 Vinum,
964 2265 1043 2340 felle
1063 2293 1129 2362 ac¹

194 2368 662 2547 ayursrhzmmiptpmxhpibere
669 2376 866 2543 {pluithin
884 2397 1016 2546 cruclpim
1031 2365 1103 2488 sps:
1132 2373 1137 2380 “

281 2530 290 2546 .
426 2526 435 2542 .
560 2526 572 2557 ,
660 2505 675 2542 i
744 2501 770 2544 c.
800 2486 811 2500 '
836 2502 898 2557 ,2.
1005 2497 1099 2544 emm

119 2617 124 2652 ι
185 2581 227 2676 1εἰ
243 2603 318 2672 non
336 2579 374 2646 in
390 2496 635 2647 contumeliitii
645 2570 755 2646 solum
773 2501 1099 2675 propinabantmte¹

75 2698 81 2710 ‘
191 2680 258 2753 luti
274 2703 337 2750 reo
352 2703 392 2748 ex
410 2670 571 2750 sententia
588 2674 802 2776 perfidorum
818 2678 1020 2765 iudeorum,
1038 2670 1098 2748 sed
1117 2761 1120 2770 Ι

193 2781 228 2856 dt
243 2806 318 2851 eam
335 2777 380 2852 ob
393 2773 535 2863 causam,
557 2803 596 2851 ut
616 2804 711 2854 mens
728 2774 766 2851 ei'
778 2806 1001 2868 emoveremr,
1025 2775 1058 2851 di
1077 2803 1097 2849 e

143 2865 149 2894 ¹
193 2883 310 2966 medio
334 2881 510 2962 tolleretur
530 2877 666 2954 futidus
686 2882 791 2972 odor,
824 2887 885 2982 qui
906 2885 983 2955 alias
999 2909 1017 2952 a
1031 2882 1111 2960 mia,

194 2980 275 3059 seris
290 2987 329 3056 in
341 2978 508 3083 supplicio
525 2987 658 3081 capitali
676 2980 801 3058 solebat
822 2988 941 3058 emitti.
999 2984 1105 3064 Sitit·¹

92 3085 99 3096 ’
153 3119 159 3126 ·
193 3081 365 3162 bariesuo
417 3097 464 3158 At
479 3112 541 3159 nec
559 3089 690 3174 vinem,
703 3114 765 3159 nec
780 3090 946 3184 myrrhas,
960 3083 1094 3159 fitiebat.
1111 3165 1119 3183 Ι,

146 3177 164 3202 ’
193 3188 370 3265 Defidcrio
386 3187 563 3287 appetebat
577 3192 706 3261 maiora
722 3191 755 3262 u
771 3188 1015 3288 praestantiora,
1040 3212 1095 3259 ex·
1140 3185 1141 3190 ’

192 3289 384 3394 piationem
400 3316 480 3361 mox
493 3288 625 3362 finitam
642 3289 779 3378 sitiebat,
798 3318 834 3362 ac
856 3287 994 3364 salutent
1013 3288 1095 3362 inde

86 3479 99 3494 „
193 3388 441 3495 quaquaversus
461 3391 704 3493 profluxuram
756 3400 796 3464 ln
814 3389 888 3494 ipso
906 3395 1026 3465 mortis
1041 3418 1116 3490 arg

192 3498 300 3570 ticulo
319 3501 468 3569 unimam
483 3499 572 3595 patri
587 3493 710 3567 ccclesli
727 3497 830 3566 veluti
851 3494 1040 3596 depolitum
1055 3497 1105 3568 in=
1123 3519 1129 3542 '-

189 3621 313 3676 manus
335 3596 601 3670 commendabat.
627 3600 703 3672 laic.
719 3601 834 3686 XXIII,
850 3613 899 3688 46.
948 3601 1101 3693 Signum.
1125 3602 1142 3634 ²

191 3683 272 3778 sunt
290 3700 360 3771 hnc
378 3697 496 3788 verba,
519 3697 605 3796 ePfi
619 3703 731 3788 XXXI,
751 3715 779 3785 6,
801 3698 969 3790 desumta,
996 3724 1098 3792 neen7¹

147 3855 157 3870 .
191 3805 249 3893 tir,
275 3823 350 3899 quae
364 3797 424 3871 Itbi
438 3797 573 3889 constat,
589 3801 622 3872 ἃ
638 3800 679 3872 ab
698 3805 794 3873 omni
814 3827 908 3875 naevo
924 3797 1090 3882 conscien-

105 3933 110 3943 ·
191 3907 249 3981 tite
267 3903 416 3978 latrantis
434 3898 481 3974 est
498 3901 669 3973 immunis.
720 3905 827 3978 Alteri
841 3899 1026 3994 latronum,
1048 3902 1097 3978 ad·

189 4003 332 4104 frugem
351 4003 528 4094 redeunti,
550 4003 712 4102 promifit
738 4006 886 4099 delicias,
919 4007 1090 4082 cadicio

98 4182 104 4192 ,
191 4102 345 4215 paradiso
365 4100 608 4209 perfitiendas,
637 4130 676 4178 ut
705 4105 907 4208 ostenderet,
939 4106 1005 4185 sese
1022 4103 1116 4183 elie.

452 4265 460 4274 ι
966 4211 1089 4289 Domi·
1139 4249 1141 4258 Δ
