2600 5609
222 853 334 954 '542
461 917 465 924 -
532 858 575 954 ²&
678 858 720 954 ²&
821 861 864 952 *
974 887 982 914 ·

255 1036 517 1114 adolescentibus
545 1042 692 1136 legatur,
717 1038 756 1113 iit
786 1041 1019 1116 iudicandum.
1073 1047 1176 1120 Hunc-

258 1147 435 1214 Nevtniani
452 1145 578 1216 librum
597 1140 767 1216 secuturus
786 1171 887 1243 quam
907 1149 1073 1245 proxime
1086 1149 1164 1220 nlius

253 1239 374 1332 fiterot,
384 1246 501 1316 iisdem
510 1244 755 1321 Hebraiearum
764 1248 936 1320 literarum
950 1246 1073 1320 studiis
1087 1249 1165 1322 diet·
1207 1255 1210 1261 ’

219 1365 222 1373 ’
253 1369 325 1432 tus,
349 1352 568 1418 Grammatico
581 1371 706 1448 nempe
722 1347 847 1446 Mosche
865 1351 995 1420 Kimchi
1016 1350 1061 1420 de
1076 1349 1163 1422 verbe

251 1450 299 1521 od
309 1445 441 1519 verdum
460 1474 556 1550 quem
573 1449 806 1549 diligentirssme
819 1459 854 1522 in
866 1453 1021 1522 Larinum
1037 1479 1159 1524 conver-

244 1547 302 1650 β,
327 1547 498 1723 cuiusipse
511 1555 545 1624 in
557 1553 611 1626 illo
622 1551 668 1624 ed
679 1553 840 1624 LeHorem
855 1555 1089 1645 Peroratione,
1100 1558 1158 1626 Ele·

250 1654 381 1726 mentali
388 1657 438 1724 He
458 1663 545 1725 raico
569 1649 762 1742 subiundie,
796 1657 850 1727 his
879 1657 1023 1754 quidem
1045 1657 1156 1748 verbis,

248 1759 459 1828 mentionem
473 1751 570 1830 facit:
598 1763 742 1841 Etenim,
762 1773 1023 1858 prete-recten,
1050 1765 1157 1830 Grem-

246 1864 398 1930 metieem
413 1857 539 1958 Mescbe
556 1858 699 1943 Kimeht',
724 1877 760 1928 ret
783 1860 829 1955 fic
844 1859 969 1948 dicem,
995 1861 1040 1932 de
1068 1858 1155 1934 verbo

245 1959 292 2032 ad
306 1955 438 2039 uerbum
450 1960 505 2059 (id
515 1961 605 2063 quod
620 1980 652 2031 te
670 1966 868 2061 incipientem
887 1962 1096 2036 vehementer
1111 1972 1153 2036 iee-
1205 2030 1207 2037 .

75 2098 105 2121 =-
246 2058 383 2157 vebit)e
399 2089 449 2133 me
465 2088 580 2165 magne
605 2063 734 2166 quidem
758 2088 838 2135 cure
856 2121 864 2150 ,
880 2061 945 2162 fied
956 2119 966 2148 ,
993 2091 1093 2166 queen
1105 2069 1154 2160 se·
1201 2062 1207 2159 ,'

244 2165 369 2256 liciter,
392 2167 449 2240 elii
467 2162 646 2266 censebunt,
675 2161 818 2263 verfiem,
842 2162 936 2236 breve·
948 2163 1013 2237 tibi
1033 2166 1151 2240 exhibe·
1184 2164 1206 2200 ”

242 2263 294 2342 be.
344 2273 428 2370 Qtae
441 2294 524 2341 num
538 2267 650 2367 postea
666 2265 847 2366 perfecerit
861 2265 1038 2360 destinata,
1061 2274 1151 2368 igno·

240 2395 317 2443 rete
331 2395 406 2458 me,
431 2367 559 2458 fateor3
586 2397 649 2443 nec
689 2371 790 2465 longe
808 2368 849 2441 ab
882 2394 923 2441 eo
941 2367 1081 2464 obsum,
1103 2395 1146 2462 ut,
1169 2409 1172 2414 ·

238 2474 304 2546 tole
322 2473 406 2570 quid
429 2497 577 2571 unquam
594 2468 779 2572 prodiisse,
807 2497 947 2564 negem,
970 2475 1070 2571 quod
1094 2499 1145 2547 ue·

236 2598 297 2647 mo
318 2597 435 2645 eorum
449 2629 457 2657 ‚
482 2578 541 2669 qui
555 2576 596 2642 de
609 2576 668 2644 ilio
677 2573 803 2643 Kimchi
816 2573 905 2644 libro
922 2580 1148 2650 menticonetu

235 2670 385 2762 faciunt,
432 2672 517 2743 hanc
552 2678 731 2743 Noveniani
753 2677 1077 2771 intepretationem,
1111 2705 1145 2750 o·

77 2829 83 2840 ι
233 2801 330 2852 mnes
343 2794 454 2847 tutent
462 2774 724 2869 Munflerienem,
739 2796 943 2847 memorent.
967 2777 1144 2868 Iam,²¹s1de

235 2879 290 2951 his
311 2881 430 2962 etiam,
456 2903 529 2974 quae
542 2881 578 2949 in
609 2879 735 2948 Graecis
752 2874 903 2974 praestitit
933 2881 1143 2972 Nannieno,

233 2985 414 3079 requires,
441 2975 584 3066 Ledior,
603 2983 674 3049 eius
693 2977 791 3049 studii
817 2978 995 3076 publicum
1022 2982 1144 3057 exstare

231 3083 324 3155 velut
336 3104 596 3152 monumentum
610 3082 718 3150 voluit
733 3082 769 3149 in
785 3085 1070 3156 novaGraecarum
1084 3097 1139 3158 Te·

230 3180 378 3260 herlerum
399 3179 486 3254 Rich.
509 3185 602 3253 Croci
616 3181 789 3267 editione,
811 3184 855 3252 ita
876 3181 917 3254 ab
937 3208 979 3256 eo
999 3187 1137 3261 adorna·

229 3309 280 3377 ta,
318 3309 358 3361 ut
379 3284 494 3357 multis
514 3279 865 3384 modis'p'raeferenda
902 3279 1017 3384 priori
1051 3287 1134 3366 edet.
1189 3298 1199 3411 p

226 3391 359 3462 Prodiit
372 3388 406 3459 id
422 3390 535 3485 operis
551 3395 593 3461 Α.
615 3407 719 3477 1521,
741 3381 851 3457 forma
865 3410 912 3480 4,
937 3410 978 3460 ex
1005 3389 1142 3466 officior
1193 3422 1199 3474 !

227 3493 392 3560 Valentini
399 3488 611 3577 Sebumenni,
643 3486 687 3560 fic
703 3483 918 3588 inscriptum:
948 3493 1044 3574 Rece.
1059 3503 1133 3568 Oro·
1192 3508 1227 3581 ‘2

223 3597 256 3662 ei
274 3589 421 3681 Tabula,
447 3595 573 3662 Grecos
597 3592 710 3661 literar
733 3591 913 3692 compendio
927 3591 1052 3692 discere
1076 3593 1147 3670 cit,¹
1192 3603 1199 3645 ¹
1223 3655 1227 3681 4

217 3690 378 3794 pientibur
389 3690 471 3791 fene
488 3718 585 3793 quam
599 3693 711 3769 utiles.
735 3719 807 3764 cum
832 3694 1026 3790 Praesett'oe‘ee
1055 3702 1133 3772 Pir.
1223 3738 1227 3783 t

219 3796 297 3897 lippi
317 3801 504 3866 Noveniani.
555 3799 641 3865 Non
656 3795 877 3874 mihilibrum
901 3797 994 3873 hunc
1015 3803 1146 3883 videte
1223 3817 1227 3885 5

220 3898 366 3970 adhunc
381 3896 471 3968 diem
486 3898 649 3990 cputigit3
674 3920 718 3990 rt,
738 3896 761 3970 fi
779 3898 818 3971 ab
844 3924 907 3990 eo,
933 3903 1038 4000 quod¹
1048 3930 1127 4004 pro·
1223 3941 1227 3987 1

121 4063 125 4072 .
218 3997 309 4073 mifit
339 3999 518 4098 Philippus,
554 4004 780 4093 argumentari
802 4000 843 4073 ad
858 4001 910 4090 id,
934 4005 1032 4101 quod
1042 4019 1125 4105 prae·
1168 4000 1227 4086 i,

216 4100 300 4176 stitit
317 4127 355 4177 re
378 4095 466 4204 ipse,
488 4101 604 4201 liceat,
629 4127 703 4212 nop
725 4104 811 4182 mihi
824 4102 876 4209 est
889 4103 1122 4194 dubitandum,
1157 4176 1163 4187 ,

1189 2875 1194 2894 Ι
