2600 5609
396 901 465 1004 ⁸u
564 903 606 1002 'tt
706 908 748 999 tt
978 915 1025 980 ⁹¹
1138 977 1156 994 .

130 1078 207 1157 mul
229 1070 445 1169 manifestem
465 1068 580 1163 faciet,
637 1073 744 1146 nullas
780 1068 870 1143 illius
898 1067 1031 1160 generis
1091 1157 1095 1168 ι

131 1183 387 1276 origittationes,
413 1174 479 1250 five
499 1173 564 1248 fint
577 1174 765 1264 Hebraicae,
791 1172 856 1246 five
876 1171 1033 1266 AEgypti-
1155 1171 1161 1184 “

131 1311 217 1374 acae,
234 1281 299 1356 five
323 1282 466 1379 denique
479 1280 611 1368 Grata,
634 1280 748 1352 locum
772 1281 827 1352 hic
848 1281 1032 1376 habere&
1065 1367 1069 1374 Ι
1166 1281 1168 1288 ’

133 1414 153 1472 a
171 1385 272 1459 nobis
286 1385 427 1467 admitti,
444 1377 547 1481 polle.
1128 1461 1133 1486 Ι

186 1493 261 1559 XII.
286 1487 343 1560 Est
366 1509 490 1582 nempe
512 1510 579 1556 vox
604 1478 769 1575 abraxas,
793 1484 859 1559 live
879 1477 1033 1586 Abrasax',

135 1616 217 1663 nam
247 1591 314 1661 hoc
344 1585 486 1687 perinde
507 1584 572 1675 est,
611 1611 682 1658 non
715 1614 754 1662 ex
781 1591 853 1666 aliis
882 1590 1032 1680 vocibus,
1073 1599 1075 1606 '

135 1716 193 1764 aut
214 1717 338 1762 vocum
362 1688 544 1778 radicibus,
572 1686 641 1761 stvc
660 1688 728 1784 fint¹
746 1693 934 1791 AEgyptiae,
966 1690 1035 1766 live
1150 1737 1154 1760 .

136 1793 321 1878 Hebraicae,
346 1791 412 1863 five
439 1790 582 1890 denique
599 1793 731 1880 Graeca,
756 1796 925 1888 analogice
947 1795 1034 1867 dcti-

114 1897 116 1902 ’
136 1920 220 1985 vata,
244 1892 400 1983 formata,
417 1893 451 1966 dc
470 1892 668 1993 composita,
701 1889 754 1967 sed
773 1923 866 1970 mere
881 1896 1035 1970 artificia·
1132 1965 1134 1970 .

136 1995 352 2096 lis„quae,fi
379 1996 420 2067 ad
449 1990 647 2093 syllabarum
675 1992 850 2072 sonum&
878 2000 1036 2072 ordinem

137 2100 304 2188 attendas,
330 2100 417 2170 nihil
437 2102 579 2170 omnino
597 2096 778 2192 fignificat,
805 2103 971 2200 &inqua
985 2098 1037 2174 so·
1063 2128 1069 2144 ·

138 2201 189 2274 lus
213 2203 406 2289 literarum,
441 2225 480 2271 ex
499 2200 622 2298 quibus
640 2201 784 2290 constat,
807 2204 901 2274 valor
920 2229 1038 2276 nume-

138 2305 231 2375 ricue
246 2299 422 2401 spellatur.
475 2297 631 2389 Abram,
640 2305 694 2374 vel
712 2294 864 2403 Abrasax,
876 2306 961 2378 nihil
979 2307 1037 2378 ali·

138 2405 184 2475 ud
211 2402 395 2499 fignificare
428 2427 546 2500 aptum
578 2429 694 2476 natum
716 2404 781 2496 cst,
824 2433 925 2505 quam
954 2420 1036 2499 365.

140 2511 217 2584 Hoc
244 2505 298 2576 vel
320 2528 420 2576 exeo
444 2500 567 2576 inville
591 2507 780 2599 cplligimr,
806 2510 898 2605 quod
920 2510 1038 2581 eadem

138 2633 205 2680 vox
235 2606 341 2678 modo
364 2600 533 2694 abraxas,
558 2606 664 2678 modo
685 2635 766 2680 vero
790 2607 945 2710 Abraſsax,
957 2608 1038 2684 effe·

139 2734 240 2780 ratur.
316 2712 403 2810 Qtia
435 2705 558 2778 eaedem
585 2703 717 2806 semper
747 2737 883 2784 manent
916 2716 1038 2804 litere,

96 2833 100 2840 ·
140 2811 288 2910 adeoque
317 2812 409 2882 idem
446 2806 576 2908 semper
603 2837 730 2884 ,carum
759 2815 854 2883 valor
889 2817 1038 2888 numeri·
1179 2809 1185 2820 “

141 2938 197 2984 cus
232 2916 321 2996 exit,
362 2912 434 2982 talis
470 2913 641 2982 literarum
678 2918 900 3014 permutatio,
936 2915 1039 2990 fruel

141 3012 218 3087 ellet
241 3014 351 3085 adhuc
381 3010 582 3100 notabilior,
613 3017 665 3084 rei
694 3014 933 3106 detrimentum
965 3020 1038 3091 nul·

141 3117 212 3188 lum
263 3116 371 3187 affert.
460 3114 522 3189 Illa
568 3109 698 3213 semper
753 3117 868 3189 eadem
916 3144 1037 3194 manet.

144 3217 207 3290 Sed
234 3217 270 3289 id
297 3218 411 3289 locum
437 3242 508 3288 non
531 3214 685 3303 haberet,
722 3215 840 3292 livox
861 3221 975 3296 eadem
999 3249 1039 3295 er

141 3321 213 3392 aliis
235 3317 373 3390 vocibus
390 3319 559 3411 analogice
587 3318 748 3407 derivata,
786 3323 819 3394 ἃ
841 3324 1039 3418 regulariter

141 3417 286 3518 formata
319 3416 406 3490 ellet.
477 3424 512 3491 Si
540 3446 571 3489 v.
599 3445 632 3512 g.
663 3447 788 3492 nomen
815 3423 881 3495 hoc
909 3421 1041 3524 semper

141 3515 486 3614 ilipasaifiefferrctur,
513 3516 619 3618 pollet
628 3524 842 3617 etymologiae
854 3527 913 3615 illi,
939 3553 1040 3624 quarn

142 3632 169 3716 ς.
187 3629 237 3695 XI
269 3623 392 3696 ultimo
411 3623 486 3693 loco
507 3622 621 3708 attuli,
663 3625 781 3721 aliquis
808 3627 902 3700 color
917 3629 1053 3712 induci,

103 3746 107 3751 ’
143 3735 189 3800 At
204 3752 271 3827 qua
290 3728 420 3796 ratione
442 3726 508 3794 dici
524 3729 667 3822 poterit,
693 3721 854 3826 Ἀθμξᾱς
874 3731 1041 3830 compuli·
1170 3747 1173 3754 '

144 3852 216 3902 tum
235 3822 303 3900 ell'e
316 3853 356 3899 ex
374 3820 519 3926 oisspic&
545 3823 624 3900 calo.
674 3833 760 3901 Non
787 3832 944 3930 equidem
964 3827 1038 3906 sum

86 3995 92 4010 .
144 3925 291 4017 nescius,
315 3933 490 4025 Baronium
505 3930 541 3998 in
562 3928 761 4028 Appendice
779 3933 820 4004 ad
847 3937 979 4004 Tamum
1003 3939 1043 4008 ΙΙ

141 4034 330 4120 Annalium,
354 4030 573 4127 &Salinarum
588 4030 628 4101 dc
646 4041 731 4105 Ann.
751 4035 883 4110 clinm‘l.
900 4057 1038 4148 papsyt,

140 4129 365 4239 scriptionem
388 4135 536 4208 nominis
563 4134 665 4222 huius
695 4132 840 4236 Abrafiax
867 4137 1060 4239 praelerre„
1199 4163 1210 4180 ·

937 4262 1038 4343 repu-

660 4377 666 4414 t
