2600 5609
294 917 475 1028 ¹&
574 930 759 1044 *st*
914 957 1035 1029 >aa

121 1071 321 1178 ¹Dominum
336 1099 454 1193 gloria
468 1097 710 1198 impertiendae,
726 1120 823 1197 atque
841 1093 917 1172 suot
931 1099 1031 1173 doce·
1136 1159 1138 1164 .

133 1229 178 1280 ret
192 1197 434 1277 conditionem
452 1203 638 1290 mentium,
673 1226 895 1298 acorporum
915 1208 1030 1277 vincu-
1098 1257 1102 1264 -

85 1377 88 1386 ,
130 1310 168 1380 lis
191 1302 460 1391 exsolutarum,''
477 1329 496 1374 a
514 1297 891 1402 Psychopannychismo
915 1306 1030 1381 admo-2
1075 1293 1081 1310 ³

85 1409 212 1498 „dum
232 1407 372 1480 alienus.
419 1409 543 1476 -Unum
561 1402 659 1476 restat
681 1428 815 1494 tamen,
847 1407 941 1504 quod
966 1419 1029 1481 noa
1159 1403 1162 1410 ’

127 1506 227 1614 possit
249 1531 381 1596 urere,
418 1509 517 1606 at'que
537 1505 739 1578 dubitationi
758 1511 932 1581 materiem
954 1505 1031 1611 sup·

129 1612 296 1714 peditare.
353 1609 556 1680 Exclamavit
579 1602 669 1680 Iesus
693 1609 808 1708 paullo
835 1635 910 1682 ame
939 1637 1030 1698 mon

128 1738 218 1787 tem:
244 1715 410 1802 Deusmi,
434 1717 482 1780 ma'
497 1713 600 1795 Dius,
626 1734 729 1811 quare
744 1733 796 1781 me
811 1710 913 1782 derrli
936 1709 1031 1809 aisti?
1118 1743 1125 1752 ·

129 1822 263 1890 Nonne
285 1815 356 1885 haec
380 1811 481 1884 verba
504 1812 663 1884 videntur
686 1810 750 1886 esse
776 1816 880 1886 animi
900 1739 1030 1907 abieiii,

130 1945 168 1991 ac
184 1913 324 1990 salutem
340 1917 453 1986 omnis
467 1909 697 2014 desperantis?
729 1920 779 1986 Ita
801 1915 959 2014 equidem
981 1921 1030 1989 vi-

130 2021 207 2093 deri
222 2013 260 2092 ea
279 2013 416 2118 possunt
436 2015 651 2112 hominibus,
685 2017 744 2115 ¹qui
770 2040 860 2088 extra
884 2021 1032 2117 comple·

128 2121 390 2196 minorationis
406 2143 446 2190 ex
460 2145 528 2192 una
540 2112 700 2192 senteittia
709 2122 848 2210 Autoris
862 2119 1030 2193 iudicium

131 2221 280 2306 serunt·
308 2225 346 2294 Si
367 2243 443 2292 rem·
462 2247 605 2305 omnem
622 2222 778 2291 attentius
800 2221 1031 2319 expendimus,
1166 2243 1168 2250 ·

133 2328 195 2398 alia
216 2317 315 2397 nobis
337 2317 402 2395 sese
427 2322 593 2422 approbat
616 2317 778 2396 sentiendi
801 2324 897 2393 ratio.
953 2324 1034 2396 Alta

134 2453 217 2500 uoce
232 2431 391 2499 serrator
408 2427 502 2496 initia
514 2425 597 2496 Odae
614 2419 783 2492 Davidicae
803 2421 965 2495 vicesima
985 2420 1032 2497 se-

98 2517 115 2627 ]
134 2528 253 2601 cundae
275 2527 511 2627 proclamavit,
536 2548 575 2596 ut
591 2521 795 2608 ostenderet,
812 2517 896 2594 'sese
914 2521 978 2598 esse
993 2528 1033 2599 il·

85 2677 87 2716 !
136 2632 209 2705 lum
236 2633 474 2714 innocentem,
512 2629 549 2698 io
575 2650 677 2722 quem
700 2628 795 2695 Pater
822 2628 970 2699 ioluerit
995 2653 1033 2702 ea

137 2735 251 2805 omnia
265 2731 424 2828 expromi
436 2753 475 2799 ac
489 2725 678 2811 confluere,
703 2752 775 2824 quae
790 2727 827 2799 in
846 2728 922 2801 Oda
937 2734 1034 2804 XXII

107 2833 111 2844 ’
139 2836 191 2908 iila
207 2827 416 2934 pradefinita
431 2830 699 2930 &praenuntiata
721 2824 865 2902 fuerant.
915 2835 1032 2904 Primo

139 2932 300 3009 Paschatia
326 2932 382 3004 dic
407 2930 483 3003 Oda
508 2932 564 3002 illa
587 2929 721 3030 publice
735 2934 772 3002 in
792 2933 921 3031 templo
944 2960 963 3004 a
986 2930 1033 3006 sa.

138 3034 329 3110 cerdotibus
354 3035 387 3108 dr
409 3035 536 3104 Levitis
555 3031 721 3105 decantari
739 3027 875 3105 solebat.
921 3040 1033 3108 Revo-

104 3177 107 3182 ·
140 3143 220 3212 cavit
231 3132 325 3212 Iesus
335 3135 455 3208 Iudaeis
469 3137 508 3207 in
525 3138 726 3208 memoriam
741 3135 794 3224 id,
815 3136 908 3233 quod
921 3162 961 3208 co
979 3138 1034 3210 die

139 3237 245 3314 suerat
259 3239 471 3312 decantatum
485 3237 526 3310 de
539 3236 623 3311 statu
645 3239 879 3311 exinanitionis
900 3235 974 3329 suae,
995 3265 1033 3312 ac

141 3345 179 3416 de
200 3340 280 3415 satia
303 3337 370 3412 suis
392 3343 431 3411 in
455 3336 524 3438 ipsa
546 3357 654 3418 cruce.
707 3343 859 3432 Agnovit
878 3341 964 3412 hane
983 3367 1035 3426 ra·

142 3447 269 3518 tionem
289 3439 416 3540 Ifiracus
430 3437 657 3540 drBeaufirbrc
679 3443 717 3511 in
742 3444 874 3516 Tomos
899 3444 1035 3541 Operis,

141 3545 231 3646 quod
245 3549 448 3644 Rcmarques
460 3540 523 3641 sur
542 3546 571 3614 ie
587 3535 628 3614 N.
646 3545 683 3614 Τ.
700 3537 879 3641 inscripfit,
899 3564 971 3646 pag.
986 3561 1035 3641 83.

141 3649 242 3722 Iudati
264 3669 355 3718 certe
382 3670 554 3744 nunquam
576 3644 636 3718 sibi
660 3640 909 3743 persuaserant,
946 3672 1035 3733 eum,

143 3755 200 3851 qui
214 3753 252 3822 in
270 3748 346 3821 Oda
369 3747 606 3820 illa-Dauidica
624 3772 661 3820 22
688 3748 858 3821 inducitur
884 3749 1037 3849 loquens,

94 3853 101 3906 3
144 3857 293 3927 animum
313 3846 532 3950 despondisse,
552 3875 588 3922 ac
606 3847 764 3921 fiduciam
784 3854 821 3923 in
836 3856 910 3922 Deo
933 3852 1036 3923 colio-

93 4027 105 4055 ·.
144 3954 281 4028 eandam
303 3947 462 4028 abiecisse.
513 3955 688 4034 Contraria
717 3956 832 4025 omnia
856 3978 894 4024 er
916 3949 1037 4051 Pfialmo
1181 3997 1201 4040 r,

146 4053 215 4157 ipso
227 4051 408 4156 patescunt
442 4055 701 4153 Incidiquoque
713 4057 751 4125 in
761 4050 919 4126 rabbinos
937 4079 1038 4152 quos·
1116 4137 1118 4142 Ι

97 4203 103 4212 ·
150 4161 232 4246 dam,
255 4162 317 4256 qui
334 4156 437 4230 Ode'n
449 4159 543 4238 illam
557 4151 730 4238 deMeffia
746 4180 929 4258 exponunt,
954 4151 1039 4253 qdo-

194 4260 421 4346 Votum.
669 4261 703 4331 D
845 4305 857 4336 =.
962 4279 1042 4330 rum
