2600 5609
189 859 262 942 «ιε
427 853 516 952 ¹&
610 852 659 950 ’lt
755 857 890 952 ¹&
1028 885 1032 904 ·

195 1044 255 1110 tila
270 1035 429 1133 Gymnossa
449 1032 663 1137 nonsuperet,
688 1001 841 1114 nlnlc‘rtcm
857 1057 969 1146 aqut·
1026 1001 1118 1126 Nes

91 1146 130 1170 ”
188 1136 240 1212 'de
254 1141 384 1240 Georglt'
404 1155 533 1211 tantum
549 1144 675 1239 patris,
696 1137 751 1216 sed
766 1143 808 1216 de
823 1141 975 1218 filiorum
991 1147 1101 1236 'etism
1146 1187 1150 1212 ι

84 1309 88 1318 .
198 1244 324 1315 lamnis
343 1244 376 1315 dt
393 1240 577 1331 Frrderccrg
601 1268 749 1343 quotum
769 1249 850 1319 alter
870 1251 938 1320 iam
962 1269 1039 1320 tum
1060 1245 1127 1318 di·'

200 1346 329 1428 tionem
343 1339 432 1416 suam
446 1367 567 1442 magna
580 1351 734 1420 omnium
755 1349 976 1422 admiratione
990 1344 1106 1421 felicis·

119 1441 124 1462 ¹
202 1443 281 1519 sime
309 1443 579 1533 administrabat,
602 1450 684 1522 alter
708 1473 789 1522 tunc
817 1446 875 1524 sub
898 1449 1105 1538 institutione

203 1545 392 1642 Gothosredr‘
407 1543 526 1644 Syboti,
550 1551 760 1651 cruditifflmr',
786 1578 823 1626 ut
835 1554 890 1625 hic
903 1557 1105 1641 vocaturos
1154 1641 1155 1654 ἵ

102 1683 106 1692 ·
203 1659 254 1737 ri,
280 1652 318 1721 ad
334 1652 447 1748 patriae
461 1644 554 1751 spem
577 1679 733 1750 magnam
763 1651 987 1745 adolescebat,
1012 1657 1107 1725 virtu·

205 1751 292 1824 tibus
308 1753 361 1823 liic
379 1753 615 1850 praeclarissima
634 1783 772 1857 queque
790 1777 1108 1834 commemorantur.

205 1859 258 1926 De
272 1855 402 1952 Rufihr'o
412 1879 520 1928 autem
534 1884 572 1931 cx
587 1860 701 1932 eadem
721 1855 876 1934 discimus
894 1856 1110 1958 epistolam

204 1957 374 2050 integrum
400 1964 582 2033 triennium
614 1961 744 2062 Lipsiae·
761 1963 984 2056 elegantiores
1009 1961 1109 2032 literas
1149 2041 1153 2052 Ι

206 2057 412 2156 profellunl,
442 2064 634 2137 liberalitate
664 2068 829 2152 Principis
846 2069 981 2159 Georgii
1006 2084 1109 2158 annuo

207 2160 373 2260 stipendio
391 2164 572 2240 donatum:
613 2169 704 2268 quod
727 2162 837 2265 ipsum
858 2167 1049 2238 triennium
1063 2185 1110 2233 an·

207 2267 259 2334 nis
273 2269 380 2337 seculi
401 2274 479 2340 XVI
493 2295 630 2367 quarto,
651 2274 781 2366 quinto,
805 2263 909 2351 sexto,
927 2267 968 2339 dt
990 2261 1113 2364 septimi

96 2455 102 2466 .
207 2389 324 2464 parte,
350 2365 490 2459 absolvi,
521 2377 561 2444 iis
593 2370 758 2446 constare.¹
770 2371 980 2461 argumentis
1006 2362 1112 2466 potest,

212 2491 284 2566 quae
298 2489 368 2568 pag.
388 2487 439 2550 188
467 2472 545 2544 libri
571 2475 673 2572 paulo
698 2495 772 2542 ante
791 2469 871 2541 disti
891 2466 1113 2554 umckhaerdas

210 2571 328 2642 attulit.
362 2580 517 2645 Ceterum
534 2601 629 2645 more
640 2575 728 2644 illius
741 2567 839 2644 seculi
856 2571 926 2642 haec
940 2571 1114 2668 etiamEpi·
1145 2627 1147 2632 -

209 2669 291 2743 stola
311 2670 485 2745 Hebraicis
502 2679 693 2772 Graecisque
712 2671 881 2745 sententiis
895 2668 1054 2744 dislinstt
1069 2665 1115 2758 esl,

211 2773 278 2846 illis
304 2773 441 2871 quidem
469 2802 508 2848 ex
530 2773 619 2847 sacro
647 2778 797 2859 Codice,
831 2776 884 2848 his
905 2800 947 2845 ex
974 2778 1116 2859 Homero,

136 2897 139 2902 ’
214 2871 381 2951 desumtis.
431 2879 496 2950 Sed
515 2882 551 2950 in
567 2875 619 2949 lris
635 2877 835 2950 excudendis
856 2880 943 2946 mira
965 2899 1117 2974 typogra-

212 2981 275 3077 phi
293 3004 468 3078 paupertas
486 2985 659 3079 apparuit3
684 2984 759 3078 qui,
776 3004 870 3067 ¹cum
891 2976 1037 3050 stanneis
1059 2981 1118 3047 He·

215 3080 402 3154 braicacum
416 3086 587 3155 literatum
604 3080 727 3155 formis
745 3103 888 3164 careret,
912 3081 1053 3172 ligneas,
1062 3100 1119 3149 eas·

218 3209 285 3282 que
303 3183 398 3256 valde
418 3184 534 3274 tudes,
559 3182 721 3272 adhibuit,
739 3211 758 3253 a
777 3184 901 3254 Graecis
916 3202 1031 3252 autem
1056 3181 1122 3278 api·

215 3311 268 3356 ces
280 3283 385 3359 abelle
404 3285 499 3375 iuffit,
525 3313 596 3359 non
606 3285 716 3383 quod,
741 3282 831 3354 resse
847 3283 909 3352 hos
926 3284 1120 3354 removerit

201 3391 362 3476 ,Gru-cis,
388 3417 461 3486 quae
480 3388 590 3460 nostra
609 3410 702 3458 aetate
730 3387 914 3456 multorum
930 3381 977 3454 est
998 3384 1121 3455 cCriti·

215 3495 263 3558 cis
282 3485 462 3576 sententia,
485 3490 544 3562 fibi
571 3482 801 3589 persuaderet,
827 3480 883 3557 sed
906 3485 1002 3581 quod
1025 3489 1058 3555 in
1075 3484 1123 3556 illa

215 3595 263 3659 rei
279 3595 532 3694 typographicae
542 3585 880 3687 xinfantlapaucisfimi
893 3586 948 3656 his
964 3583 1122 3657 fabrican-

216 3692 264 3761 dis
283 3700 350 3788 apti
366 3699 607 3775 invenirentur,
656 3697 706 3764 Eo
717 3692 856 3761 numine
869 3683 939 3786 ipse
954 3685 1015 3760 sub
1029 3687 1124 3760 finem

217 3793 295 3864 libri
310 3799 457 3893 querulas
473 3820 589 3867 movet
608 3799 825 3880 Nov‘cm‘anus,
855 3793 994 3886 eiusque
1010 3795 1059 3862 rei
1075 3791 1124 3862 ali·

217 3923 312 3970 enam
352 3928 369 3969 a
407 3895 438 3968 sc
467 3895 529 3968 elle
546 3898 679 3995 culpam
696 3896 798 3991 cupit.
849 3896 916 3963 lam
934 3886 1046 3991 ipsunt
1067 3895 1125 3962 Bu·

206 3998 291 4093 schii
314 4005 478 4080 Carmen,
504 4025 581 4069 cum
605 3991 819 4096 ptaemiffeab
841 3996 1035 4065 sutore-ad
1055 4000 1125 4066 con·

206 4099 305 4196 sulec.
326 4112 533 4204 Sanctamque
549 4096 724 4202 trpssensem
754 4095 958 4197 Epistola&
984 4098 1125 4190 elegiaco

810 4293 816 4300 Π
916 4273 922 4280 ,
1016 4201 1126 4269 Hirro·
